<?xml version="1.0" encoding="UTF-8"?><record xmlns="http://www.loc.gov/MARC21/slim" xmlns:cinclude="http://apache.org/cocoon/include/1.0" xmlns:zs="http://www.loc.gov/zing/srw/">
  <leader>00587cz  a2200193n  4500</leader>
  <controlfield tag="001">n  84709987 </controlfield>
  <controlfield tag="003">DLC</controlfield>
  <controlfield tag="005">20060630052059.0</controlfield>
  <controlfield tag="008">841023n| acabbaaan          |a aaa      </controlfield>
  <datafield tag="010" ind1=" " ind2=" ">
    <subfield code="a">n  84709987 </subfield>
  </datafield>
  <datafield tag="035" ind1=" " ind2=" ">
    <subfield code="a">(OCoLC)oca01206635</subfield>
  </datafield>
  <datafield tag="040" ind1=" " ind2=" ">
    <subfield code="a">DLC</subfield>
    <subfield code="b">eng</subfield>
    <subfield code="c">DLC</subfield>
    <subfield code="d">DLC</subfield>
    <subfield code="d">CoU-DA</subfield>
  </datafield>
  <datafield tag="100" ind1="1" ind2=" ">
    <subfield code="a">Krleža, Miroslav,</subfield>
    <subfield code="d">1893-1981.</subfield>
    <subfield code="t">Mala biblioteka Miroslava Krleže</subfield>
  </datafield>
  <datafield tag="430" ind1=" " ind2="0">
    <subfield code="a">Mala biblioteka Miroslava Krleže</subfield>
  </datafield>
  <datafield tag="643" ind1=" " ind2=" ">
    <subfield code="a">Sarajevo</subfield>
    <subfield code="b">"Oslobođenje"</subfield>
    <subfield code="a">Zagreb</subfield>
    <subfield code="b">"Mladost"</subfield>
  </datafield>
  <datafield tag="644" ind1=" " ind2=" ">
    <subfield code="a">f</subfield>
    <subfield code="5">DLC</subfield>
  </datafield>
  <datafield tag="645" ind1=" " ind2=" ">
    <subfield code="a">t</subfield>
    <subfield code="5">DLC</subfield>
  </datafield>
  <datafield tag="646" ind1=" " ind2=" ">
    <subfield code="a">s</subfield>
    <subfield code="5">DLC</subfield>
  </datafield>
  <datafield tag="670" ind1=" " ind2=" ">
    <subfield code="a">Krleža, M. Krleža o religiji, 1982:</subfield>
    <subfield code="b">ser. t.p.</subfield>
  </datafield>
</record>